<?xml version="1.0" encoding="UTF-8"?>
<OAI-PMH xmlns="http://www.openarchives.org/OAI/2.0/" xmlns:xsi="http://www.w3.org/2001/XMLSchema-instance" xsi:schemaLocation="http://www.openarchives.org/OAI/2.0/ http://www.openarchives.org/OAI/2.0/OAI-PMH.xsd">
  <ListRecords>
    <record>
      <header>
        <identifier>aleph-publish:001572143</identifier>
      </header>
      <metadata>
        <record xmlns="http://www.ddb.de/professionell/mabxml/mabxml-1.xsd">
          <leader>------M2.01200024------u</leader>
          <controlfield tag="LDR">------M2.01200024------u</controlfield>
          <controlfield tag="FMT">MU</controlfield>
          <datafield tag="001" ind1="-" ind2="1">
            <subfield code="a">HT017671649</subfield>
          </datafield>
          <datafield tag="001" ind1="-" ind2="2">
            <subfield code="a">HT007371669</subfield>
          </datafield>
          <datafield tag="002" ind1="a" ind2="1">
            <subfield code="a">20130613</subfield>
          </datafield>
          <datafield tag="002" ind1="a" ind2="2">
            <subfield code="a">19991121</subfield>
          </datafield>
          <datafield tag="003" ind1="-" ind2="1">
            <subfield code="a">20130711</subfield>
          </datafield>
          <datafield tag="003" ind1="-" ind2="2">
            <subfield code="a">20130802120443</subfield>
          </datafield>
          <datafield tag="010" ind1="-" ind2="1">
            <subfield code="a">HT007371669</subfield>
          </datafield>
          <datafield tag="020" ind1="a" ind2="2">
            <subfield code="a">1114331-9</subfield>
            <subfield code="b">DNB</subfield>
          </datafield>
          <datafield tag="025" ind1="a" ind2="2">
            <subfield code="a">016439538</subfield>
          </datafield>
          <datafield tag="025" ind1="z" ind2="2">
            <subfield code="a">1114331-9</subfield>
          </datafield>
          <datafield tag="025" ind1="o" ind2="2">
            <subfield code="a">85491378</subfield>
          </datafield>
          <datafield tag="026" ind1="-" ind2="1">
            <subfield code="a">HBZHT017671649</subfield>
          </datafield>
          <datafield tag="026" ind1="-" ind2="2">
            <subfield code="a">ZDB1114331-9</subfield>
          </datafield>
          <controlfield tag="030">a|1uc||||||||</controlfield>
          <datafield tag="036" ind1="a" ind2="2">
            <subfield code="a">XA-DE</subfield>
          </datafield>
          <datafield tag="037" ind1="b" ind2="2">
            <subfield code="a">ger</subfield>
          </datafield>
          <controlfield tag="050">a|||||||||||||</controlfield>
          <datafield tag="070" ind1="-" ind2="1">
            <subfield code="a">466</subfield>
          </datafield>
          <datafield tag="070" ind1="-" ind2="2">
            <subfield code="a">9001</subfield>
          </datafield>
          <datafield tag="070" ind1="a" ind2="2">
            <subfield code="a">DNB</subfield>
          </datafield>
          <datafield tag="070" ind1="b" ind2="1">
            <subfield code="a">466</subfield>
          </datafield>
          <datafield tag="070" ind1="b" ind2="2">
            <subfield code="a">1150</subfield>
          </datafield>
          <datafield tag="073" ind1="-" ind2="2">
            <subfield code="a">7,25</subfield>
          </datafield>
          <datafield tag="076" ind1="-" ind2="2">
            <subfield code="a">||a|||</subfield>
          </datafield>
          <datafield tag="080" ind1="-" ind2="1">
            <subfield code="a">60</subfield>
          </datafield>
          <datafield tag="089" ind1="-" ind2="1">
            <subfield code="a">2013,3</subfield>
          </datafield>
          <datafield tag="090" ind1="-" ind2="1">
            <subfield code="a">2013,3</subfield>
          </datafield>
          <datafield tag="331" ind1="-" ind2="1">
            <subfield code="a">&lt;&lt;A&gt;&gt; fragile planet</subfield>
          </datafield>
          <datafield tag="331" ind1="-" ind2="2">
            <subfield code="a">Englisch betrifft uns</subfield>
          </datafield>
          <datafield tag="335" ind1="-" ind2="1">
            <subfield code="a">environmental problems today</subfield>
          </datafield>
          <datafield tag="335" ind1="-" ind2="2">
            <subfield code="a">(EBU) ; Planungs- und Arbeitsmaterial für den englischen Sprachunterricht</subfield>
          </datafield>
          <datafield tag="370" ind1="a" ind2="2">
            <subfield code="a">EBU</subfield>
          </datafield>
          <datafield tag="405" ind1="-" ind2="2">
            <subfield code="a">Nachgewiesen 1992 -</subfield>
          </datafield>
          <datafield tag="410" ind1="-" ind2="2">
            <subfield code="a">Aachen</subfield>
          </datafield>
          <datafield tag="412" ind1="-" ind2="2">
            <subfield code="a">Bergmoser + Höller</subfield>
          </datafield>
          <datafield tag="425" ind1="b" ind2="2">
            <subfield code="a">1992</subfield>
          </datafield>
          <datafield tag="425" ind1="a" ind2="1">
            <subfield code="a">2013</subfield>
          </datafield>
          <datafield tag="433" ind1="-" ind2="1">
            <subfield code="a">32 S. : Ill.</subfield>
          </datafield>
          <datafield tag="435" ind1="-" ind2="2">
            <subfield code="a">29 cm</subfield>
          </datafield>
          <datafield tag="437" ind1="-" ind2="1">
            <subfield code="a">1 CD-ROM (12 cm), 2 Folien</subfield>
          </datafield>
          <datafield tag="523" ind1="-" ind2="2">
            <subfield code="a">Ersch. zweimonatl.</subfield>
          </datafield>
          <datafield tag="527" ind1="z" ind2="2">
            <subfield code="p">CD-ROM-Ausg. ---&gt;</subfield>
            <subfield code="a">Englisch betrifft uns</subfield>
            <subfield code="9">HT017195515</subfield>
          </datafield>
          <datafield tag="542" ind1="a" ind2="2">
            <subfield code="a">0941-0481</subfield>
          </datafield>
          <datafield tag="542" ind1="z" ind2="2">
            <subfield code="b">: DM 19.50 (Einzelnr.), DM 58.00 (jährl.)</subfield>
          </datafield>
          <datafield tag="545" ind1="a" ind2="2">
            <subfield code="a">ISSN 0941-0481</subfield>
          </datafield>
          <datafield tag="574" ind1="-" ind2="2">
            <subfield code="a">97,A46,0591</subfield>
          </datafield>
          <datafield tag="700" ind1="-" ind2="2">
            <subfield code="a">420</subfield>
            <subfield code="a">DNB</subfield>
          </datafield>
          <datafield tag="700" ind1="-" ind2="2">
            <subfield code="a">370</subfield>
            <subfield code="a">DNB</subfield>
          </datafield>
          <datafield tag="700" ind1="-" ind2="2">
            <subfield code="a">370</subfield>
            <subfield code="a">ZDB</subfield>
          </datafield>
          <datafield tag="700" ind1="z" ind2="2">
            <subfield code="a">280</subfield>
          </datafield>
          <datafield tag="902" ind1="-" ind2="2">
            <subfield code="s">Englischunterricht</subfield>
            <subfield code="9">(DE-588)4014801-4</subfield>
          </datafield>
          <datafield tag="902" ind1="-" ind2="2">
            <subfield code="s">Sekundarstufe 2</subfield>
            <subfield code="9">(DE-588)4054367-5</subfield>
          </datafield>
          <datafield tag="902" ind1="-" ind2="2">
            <subfield code="f">Zeitschrift</subfield>
          </datafield>
          <datafield tag="907" ind1="-" ind2="2">
            <subfield code="s">Englischunterricht</subfield>
            <subfield code="9">(DE-588)4014801-4</subfield>
          </datafield>
          <datafield tag="907" ind1="-" ind2="2">
            <subfield code="f">Zeitschrift</subfield>
          </datafield>
          <datafield tag="912" ind1="-" ind2="2">
            <subfield code="s">Englischunterricht</subfield>
            <subfield code="9">(DE-588)4014801-4</subfield>
          </datafield>
          <datafield tag="912" ind1="-" ind2="2">
            <subfield code="s">Sekundarstufe 2</subfield>
            <subfield code="9">(DE-588)4054367-5</subfield>
          </datafield>
          <datafield tag="912" ind1="-" ind2="2">
            <subfield code="f">Zeitschrift</subfield>
          </datafield>
          <datafield tag="914" ind1="-" ind2="2">
            <subfield code="a">DE-101DE-101</subfield>
          </datafield>
          <datafield tag="917" ind1="-" ind2="2">
            <subfield code="s">Englischunterricht</subfield>
            <subfield code="9">(DE-588)4014801-4</subfield>
          </datafield>
          <datafield tag="917" ind1="-" ind2="2">
            <subfield code="f">Zeitschrift</subfield>
          </datafield>
          <datafield tag="919" ind1="-" ind2="2">
            <subfield code="a">DE-600DE-600</subfield>
          </datafield>
          <controlfield tag="SYS">001572143</controlfield>
          <datafield tag="016" ind1="-" ind2="2">
            <subfield code="a">951629107</subfield>
            <subfield code="b">DNB</subfield>
          </datafield>
          <datafield tag="705" ind1="-" ind2="2">
            <subfield code="a">420.712</subfield>
            <subfield code="c">420</subfield>
            <subfield code="e">DDC22ger</subfield>
            <subfield code="f">0712</subfield>
          </datafield>
          <datafield tag="PSW" ind1="-" ind2="2">
            <subfield code="s">Englischdidaktik</subfield>
            <subfield code="9">(DE-588)4014801-4</subfield>
          </datafield>
          <datafield tag="PSW" ind1="-" ind2="2">
            <subfield code="g">Englisch</subfield>
            <subfield code="x">Didaktik</subfield>
            <subfield code="9">(DE-588)4014801-4</subfield>
          </datafield>
          <datafield tag="PSW" ind1="-" ind2="2">
            <subfield code="g">Englisch</subfield>
            <subfield code="x">Unterricht</subfield>
            <subfield code="9">(DE-588)4014801-4</subfield>
          </datafield>
          <datafield tag="PSW" ind1="-" ind2="2">
            <subfield code="s">Schuljahr 11-13</subfield>
            <subfield code="9">(DE-588)4054367-5</subfield>
          </datafield>
          <datafield tag="PSW" ind1="-" ind2="2">
            <subfield code="s">Sekundarstufe II</subfield>
            <subfield code="9">(DE-588)4054367-5</subfield>
          </datafield>
          <datafield tag="PSW" ind1="-" ind2="2">
            <subfield code="s">Schuljahr 11-13</subfield>
            <subfield code="9">(DE-588)4054367-5</subfield>
          </datafield>
          <datafield tag="PSW" ind1="-" ind2="2">
            <subfield code="s">Sekundarstufe II</subfield>
            <subfield code="9">(DE-588)4054367-5</subfield>
          </datafield>
          <datafield tag="PSW" ind1="-" ind2="2">
            <subfield code="s">Englischdidaktik</subfield>
            <subfield code="9">(DE-588)4014801-4</subfield>
          </datafield>
          <datafield tag="PSW" ind1="-" ind2="2">
            <subfield code="g">Englisch</subfield>
            <subfield code="x">Didaktik</subfield>
            <subfield code="9">(DE-588)4014801-4</subfield>
          </datafield>
          <datafield tag="PSW" ind1="-" ind2="2">
            <subfield code="g">Englisch</subfield>
            <subfield code="x">Unterricht</subfield>
            <subfield code="9">(DE-588)4014801-4</subfield>
          </datafield>
          <datafield tag="PSW" ind1="-" ind2="2">
            <subfield code="s">Englischdidaktik</subfield>
            <subfield code="9">(DE-588)4014801-4</subfield>
          </datafield>
          <datafield tag="PSW" ind1="-" ind2="2">
            <subfield code="g">Englisch</subfield>
            <subfield code="x">Didaktik</subfield>
            <subfield code="9">(DE-588)4014801-4</subfield>
          </datafield>
          <datafield tag="PSW" ind1="-" ind2="2">
            <subfield code="g">Englisch</subfield>
            <subfield code="x">Unterricht</subfield>
            <subfield code="9">(DE-588)4014801-4</subfield>
          </datafield>
          <datafield tag="PSW" ind1="-" ind2="2">
            <subfield code="s">Schuljahr 11-13</subfield>
            <subfield code="9">(DE-588)4054367-5</subfield>
          </datafield>
          <datafield tag="PSW" ind1="-" ind2="2">
            <subfield code="s">Sekundarstufe II</subfield>
            <subfield code="9">(DE-588)4054367-5</subfield>
          </datafield>
          <datafield tag="100" ind1=" " ind2=" ">
            <subfield code="a">10e21</subfield>
          </datafield>
          <datafield tag="105" ind1=" " ind2=" ">
            <subfield code="a">10</subfield>
          </datafield>
          <datafield tag="125" ind1=" " ind2=" ">
            <subfield code="a">Heft auf Standort 10, CD-ROM auf Standort 96</subfield>
          </datafield>
          <datafield tag="700" ind1=" " ind2=" ">
            <subfield code="9">10</subfield>
          </datafield>
          <datafield tag="OWN" ind1=" " ind2=" ">
            <subfield code="a">P0001</subfield>
            <subfield code="n">466 - Paderborn: UB</subfield>
          </datafield>
          <datafield tag="PLK" ind1=" " ind2=" ">
            <subfield code="a">UP</subfield>
            <subfield code="l">PAD01</subfield>
            <subfield code="b">001463024</subfield>
            <subfield code="m">2013,3;^.^&lt;&lt;A&gt;&gt; fragile planet.^2013</subfield>
            <subfield code="n">Englisch betrifft uns.^1992</subfield>
          </datafield>
        </record>
      </metadata>
    </record>
  </ListRecords>
</OAI-PMH>
